
@article{breiman2001,
  title = {Random {{Forests}}},
  author = {Breiman, Leo},
  year = {2001},
  month = oct,
  journal = {Machine Learning},
  volume = {45},
  number = {1},
  pages = {5--32},
  issn = {1573-0565},
  doi = {10.1023/A:1010933404324},
  langid = {english},
  keywords = {classification,ensemble,regression}
}

@article{quinlan1986,
  title = {Induction of Decision Trees},
  author = {Quinlan, J. R.},
  year = {1986},
  month = mar,
  journal = {Machine Learning},
  volume = {1},
  number = {1},
  pages = {81--106},
  issn = {1573-0565},
  doi = {10.1007/BF00116251},
  langid = {english},
  keywords = {classification,decision trees,expert systems,induction,information theory,knowledge acquisition}
}

@book{rasmussen2005,
  title = {Gaussian {{Processes}} for {{Machine Learning}}},
  author = {Rasmussen, Carl Edward and Williams, Christopher K. I.},
  editor = {Bach, Francis},
  year = {2005},
  month = nov,
  series = {Adaptive {{Computation}} and {{Machine Learning}} Series},
  publisher = {{MIT Press}},
  address = {{Cambridge, MA, USA}},
  isbn = {978-0-262-18253-9},
  langid = {english}
}

@book{sokal1958,
  title = {A {{Statistical Method}} for {{Evaluating Systematic Relationships}}},
  author = {Sokal, Robert Reuven and Michener, Charles Duncan},
  year = {1958},
  publisher = {{University of Kansas}},
  googlebooks = {o1BlHAAACAAJ},
  langid = {english}
}

@article{wold1984,
  title = {The {{Collinearity Problem}} in {{Linear Regression}}. {{The Partial Least Squares}} ({{PLS}}) {{Approach}} to {{Generalized Inverses}}},
  author = {Wold, S. and Ruhe, A. and Wold, H. and Dunn, III, W. J.},
  year = {1984},
  month = sep,
  journal = {SIAM Journal on Scientific and Statistical Computing},
  volume = {5},
  number = {3},
  pages = {735--743},
  issn = {0196-5204, 2168-3417},
  doi = {10.1137/0905052},
  langid = {english}
}

@inproceedings{ballard1987,
  title = {Modular {{Learning}} in {{Neural Networks}}},
  booktitle = {{{AAAI}}},
  author = {Ballard, D.},
  year = {1987}
}

@article{braams2009,
  title = {Permutationally Invariant Potential Energy Surfaces in High Dimensionality},
  author = {Braams, Bastiaan J. and Bowman, Joel M.},
  year = {2009},
  month = oct,
  journal = {International Reviews in Physical Chemistry},
  volume = {28},
  number = {4},
  pages = {577--606},
  publisher = {{Taylor \& Francis}},
  issn = {0144-235X},
  doi = {10.1080/01442350903234923},
  keywords = {CH3CHO,CH5 +,invariant fitting,potential energy surfaces,water dimer},
  annotation = {\_eprint: https://doi.org/10.1080/01442350903234923}
}

@article{de2016,
  title = {Comparing Molecules and Solids across Structural and Alchemical Space},
  author = {De, Sandip and Bart{\'o}k, Albert P. and Cs{\'a}nyi, G{\'a}bor and Ceriotti, Michele},
  year = {2016},
  month = may,
  journal = {Physical Chemistry Chemical Physics},
  volume = {18},
  number = {20},
  pages = {13754--13769},
  publisher = {{The Royal Society of Chemistry}},
  issn = {1463-9084},
  doi = {10.1039/C6CP00415F},
  langid = {english}
}

@article{faber2018,
  title = {Alchemical and Structural Distribution Based Representation for Universal Quantum Machine Learning},
  author = {Faber, Felix A. and Christensen, Anders S. and Huang, Bing and {von Lilienfeld}, O. Anatole},
  year = {2018},
  month = jun,
  journal = {The Journal of Chemical Physics},
  volume = {148},
  number = {24},
  pages = {241717},
  publisher = {{American Institute of Physics}},
  issn = {0021-9606},
  doi = {10.1063/1.5020710}
}

@article{gallet2013,
  title = {Structural Cluster Analysis of Chemical Reactions in Solution},
  author = {Gallet, Gr{\'e}goire A. and Pietrucci, Fabio},
  year = {2013},
  month = aug,
  journal = {The Journal of Chemical Physics},
  volume = {139},
  number = {7},
  pages = {074101},
  publisher = {{American Institute of Physics}},
  issn = {0021-9606},
  doi = {10.1063/1.4818005}
}

@article{hansen2013,
  title = {Assessment and {{Validation}} of {{Machine Learning Methods}} for {{Predicting Molecular Atomization Energies}}},
  author = {Hansen, Katja and Montavon, Gr{\'e}goire and Biegler, Franziska and Fazli, Siamac and Rupp, Matthias and Scheffler, Matthias and {von Lilienfeld}, O. Anatole and Tkatchenko, Alexandre and M{\"u}ller, Klaus-Robert},
  year = {2013},
  month = aug,
  journal = {Journal of Chemical Theory and Computation},
  volume = {9},
  number = {8},
  pages = {3404--3419},
  publisher = {{American Chemical Society}},
  issn = {1549-9618},
  doi = {10.1021/ct400195d}
}

@article{keith2021,
  title = {Combining {{Machine Learning}} and {{Computational Chemistry}} for {{Predictive Insights Into Chemical Systems}}},
  author = {Keith, John A. and {Vassilev-Galindo}, Valentin and Cheng, Bingqing and Chmiela, Stefan and Gastegger, Michael and M{\"u}ller, Klaus-Robert and Tkatchenko, Alexandre},
  year = {2021},
  month = aug,
  journal = {Chemical Reviews},
  volume = {121},
  number = {16},
  pages = {9816--9872},
  publisher = {{American Chemical Society}},
  issn = {0009-2665},
  doi = {10.1021/acs.chemrev.1c00107}
}

@article{kwac2021,
  title = {Machine {{Learning Approach}} for {{Describing Water OH Stretch Vibrations}}},
  author = {Kwac, Kijeong and Freedman, Holly and Cho, Minhaeng},
  year = {2021},
  month = oct,
  journal = {Journal of Chemical Theory and Computation},
  volume = {17},
  number = {10},
  pages = {6353--6365},
  publisher = {{American Chemical Society}},
  issn = {1549-9618},
  doi = {10.1021/acs.jctc.1c00540}
}

@article{musil2021,
  title = {Physics-{{Inspired Structural Representations}} for {{Molecules}} and {{Materials}}},
  author = {Musil, Felix and Grisafi, Andrea and Bart{\'o}k, Albert P. and Ortner, Christoph and Cs{\'a}nyi, G{\'a}bor and Ceriotti, Michele},
  year = {2021},
  month = aug,
  journal = {Chemical Reviews},
  volume = {121},
  number = {16},
  pages = {9759--9815},
  publisher = {{American Chemical Society}},
  issn = {0009-2665},
  doi = {10.1021/acs.chemrev.1c00021}
}

@article{rupp2012,
  title = {Fast and {{Accurate Modeling}} of {{Molecular Atomization Energies}} with {{Machine Learning}}},
  author = {Rupp, Matthias and Tkatchenko, Alexandre and M{\"u}ller, Klaus-Robert and {von Lilienfeld}, O. Anatole},
  year = {2012},
  month = jan,
  journal = {Physical Review Letters},
  volume = {108},
  number = {5},
  pages = {058301},
  publisher = {{American Physical Society}},
  doi = {10.1103/PhysRevLett.108.058301}
}

@article{bartok2013,
  title = {On Representing Chemical Environments},
  author = {Bart{\'o}k, Albert P. and Kondor, Risi and Cs{\'a}nyi, G{\'a}bor},
  year = {2013},
  month = may,
  journal = {Physical Review B},
  volume = {87},
  number = {18},
  pages = {184115},
  publisher = {{American Physical Society}},
  doi = {10.1103/PhysRevB.87.184115}
}

@article{bartok2010,
  title = {Gaussian {{Approximation Potentials}}: {{The Accuracy}} of {{Quantum Mechanics}}, without the {{Electrons}}},
  shorttitle = {Gaussian {{Approximation Potentials}}},
  author = {Bart{\'o}k, Albert P. and Payne, Mike C. and Kondor, Risi and Cs{\'a}nyi, G{\'a}bor},
  year = {2010},
  month = apr,
  journal = {Physical Review Letters},
  volume = {104},
  number = {13},
  pages = {136403},
  publisher = {{American Physical Society}},
  doi = {10.1103/PhysRevLett.104.136403}
}

@article{behler2007,
  title = {Generalized {{Neural-Network Representation}} of {{High-Dimensional Potential-Energy Surfaces}}},
  author = {Behler, J{\"o}rg and Parrinello, Michele},
  year = {2007},
  month = apr,
  journal = {Physical Review Letters},
  volume = {98},
  number = {14},
  pages = {146401},
  publisher = {{American Physical Society}},
  doi = {10.1103/PhysRevLett.98.146401}
}

@article{behler2011a,
  title = {Atom-Centered Symmetry Functions for Constructing High-Dimensional Neural Network Potentials},
  author = {Behler, J{\"o}rg},
  year = {2011},
  month = feb,
  journal = {The Journal of Chemical Physics},
  volume = {134},
  number = {7},
  pages = {074106},
  publisher = {{American Institute of Physics}},
  issn = {0021-9606},
  doi = {10.1063/1.3553717}
}

@article{behler2011b,
  title = {Neural Network Potential-Energy Surfaces in Chemistry: A Tool for Large-Scale Simulations},
  shorttitle = {Neural Network Potential-Energy Surfaces in Chemistry},
  author = {Behler, J{\"o}rg},
  year = {2011},
  month = oct,
  journal = {Physical Chemistry Chemical Physics},
  volume = {13},
  number = {40},
  pages = {17930--17955},
  publisher = {{The Royal Society of Chemistry}},
  issn = {1463-9084},
  doi = {10.1039/C1CP21668F},
  langid = {english}
}

@article{behler2015,
  title = {Constructing High-Dimensional Neural Network Potentials: {{A}} Tutorial Review},
  shorttitle = {Constructing High-Dimensional Neural Network Potentials},
  author = {Behler, J{\"o}rg},
  year = {2015},
  journal = {International Journal of Quantum Chemistry},
  volume = {115},
  number = {16},
  pages = {1032--1050},
  issn = {1097-461X},
  doi = {10.1002/qua.24890},
  langid = {english},
  keywords = {molecular dynamics,neural network potentials},
  annotation = {\_eprint: https://onlinelibrary.wiley.com/doi/pdf/10.1002/qua.24890}
}

@article{shapeev2016,
  title = {Moment {{Tensor Potentials}}: {{A Class}} of {{Systematically Improvable Interatomic Potentials}}},
  shorttitle = {Moment {{Tensor Potentials}}},
  author = {Shapeev, Alexander V.},
  year = {2016},
  month = jan,
  journal = {Multiscale Modeling \& Simulation},
  volume = {14},
  number = {3},
  pages = {1153--1173},
  publisher = {{Society for Industrial and Applied Mathematics}},
  issn = {1540-3459},
  doi = {10.1137/15M1054183},
  keywords = {68Q32,70G10,interatomic potentials,machine learning,moment tensor potentials}
}

@article{thompson2015,
  title = {Spectral Neighbor Analysis Method for Automated Generation of Quantum-Accurate Interatomic Potentials},
  author = {Thompson, A. P. and Swiler, L. P. and Trott, C. R. and Foiles, S. M. and Tucker, G. J.},
  year = {2015},
  month = mar,
  journal = {Journal of Computational Physics},
  volume = {285},
  pages = {316--330},
  issn = {0021-9991},
  doi = {10.1016/j.jcp.2014.12.018},
  langid = {english},
  keywords = {Gaussian approximation potentials,Interatomic potential,Machine learning,Molecular dynamics,SNAP,Spectral neighbor analysis potential}
}

@article{smith2017,
  title = {{{ANI-1}}: An Extensible Neural Network Potential with {{DFT}} Accuracy at Force Field Computational Cost},
  shorttitle = {{{ANI-1}}},
  author = {Smith, J. S. and Isayev, O. and Roitberg, A. E.},
  year = {2017},
  month = mar,
  journal = {Chemical Science},
  volume = {8},
  number = {4},
  pages = {3192--3203},
  publisher = {{The Royal Society of Chemistry}},
  issn = {2041-6539},
  doi = {10.1039/C6SC05720A},
  langid = {english}
}

@article{smith2018,
  title = {Less Is More: {{Sampling}} Chemical Space with Active Learning},
  shorttitle = {Less Is More},
  author = {Smith, Justin S. and Nebgen, Ben and Lubbers, Nicholas and Isayev, Olexandr and Roitberg, Adrian E.},
  year = {2018},
  month = jun,
  journal = {The Journal of Chemical Physics},
  volume = {148},
  number = {24},
  pages = {241733},
  publisher = {{American Institute of Physics}},
  issn = {0021-9606},
  doi = {10.1063/1.5023802}
}

@article{smith2019,
  title = {Approaching Coupled Cluster Accuracy with a General-Purpose Neural Network Potential through Transfer Learning},
  author = {Smith, Justin S. and Nebgen, Benjamin T. and Zubatyuk, Roman and Lubbers, Nicholas and Devereux, Christian and Barros, Kipton and Tretiak, Sergei and Isayev, Olexandr and Roitberg, Adrian E.},
  year = {2019},
  month = jul,
  journal = {Nature Communications},
  volume = {10},
  number = {1},
  pages = {2903},
  publisher = {{Nature Publishing Group}},
  issn = {2041-1723},
  doi = {10.1038/s41467-019-10827-4},
  copyright = {2019 The Author(s)},
  langid = {english},
  keywords = {Computational chemistry,Physical chemistry}
}

@article{schutt2019,
  title = {{{SchNetPack}}: {{A Deep Learning Toolbox For Atomistic Systems}}},
  shorttitle = {{{SchNetPack}}},
  author = {Sch{\"u}tt, K. T. and Kessel, P. and Gastegger, M. and Nicoli, K. A. and Tkatchenko, A. and M{\"u}ller, K.-R.},
  year = {2019},
  month = jan,
  journal = {Journal of Chemical Theory and Computation},
  volume = {15},
  number = {1},
  pages = {448--455},
  publisher = {{American Chemical Society}},
  issn = {1549-9618},
  doi = {10.1021/acs.jctc.8b00908}
}

@article{chmiela2019,
  title = {{{sGDML}}: {{Constructing}} Accurate and Data Efficient Molecular Force Fields Using Machine Learning},
  shorttitle = {{{sGDML}}},
  author = {Chmiela, Stefan and Sauceda, Huziel E. and Poltavsky, Igor and M{\"u}ller, Klaus-Robert and Tkatchenko, Alexandre},
  year = {2019},
  month = jul,
  journal = {Computer Physics Communications},
  volume = {240},
  pages = {38--45},
  issn = {0010-4655},
  doi = {10.1016/j.cpc.2019.02.007},
  langid = {english},
  keywords = {Ab initio molecular dynamics,Coupled cluster calculations,Gradient domain machine learning,Machine learning force field,Machine learning potential,Molecular property prediction,Path integral molecular dynamics,Quantum chemistry}
}

@article{shao2020,
  title = {{{PiNN}}: {{A Python Library}} for {{Building Atomic Neural Networks}} of {{Molecules}} and {{Materials}}},
  shorttitle = {{{PiNN}}},
  author = {Shao, Yunqi and Hellstr{\"o}m, Matti and Mitev, Pavlin D. and Knijff, Lisanne and Zhang, Chao},
  year = {2020},
  month = mar,
  journal = {Journal of Chemical Information and Modeling},
  volume = {60},
  number = {3},
  pages = {1184--1193},
  publisher = {{American Chemical Society}},
  issn = {1549-9596},
  doi = {10.1021/acs.jcim.9b00994}
}

@article{gao2020,
  title = {{{TorchANI}}: {{A Free}} and {{Open Source PyTorch-Based Deep Learning Implementation}} of the {{ANI Neural Network Potentials}}},
  shorttitle = {{{TorchANI}}},
  author = {Gao, Xiang and Ramezanghorbani, Farhad and Isayev, Olexandr and Smith, Justin S. and Roitberg, Adrian E.},
  year = {2020},
  month = jul,
  journal = {Journal of Chemical Information and Modeling},
  volume = {60},
  number = {7},
  pages = {3408--3415},
  publisher = {{American Chemical Society}},
  issn = {1549-9596},
  doi = {10.1021/acs.jcim.0c00451}
}

@article{rupp2015,
  title = {Machine Learning for Quantum Mechanics in a Nutshell},
  author = {Rupp, Matthias},
  year = {2015},
  journal = {International Journal of Quantum Chemistry},
  volume = {115},
  number = {16},
  pages = {1058--1073},
  issn = {1097-461X},
  doi = {10.1002/qua.24954},
  langid = {english},
  keywords = {implementation,kernel ridge regression,machine learning,quantum chemistry,tutorial},
  annotation = {\_eprint: https://onlinelibrary.wiley.com/doi/pdf/10.1002/qua.24954}
}

@article{scarselli2009,
  title = {The {{Graph Neural Network Model}}},
  author = {Scarselli, Franco and Gori, Marco and Tsoi, Ah Chung and Hagenbuchner, Markus and Monfardini, Gabriele},
  year = {2009},
  month = jan,
  journal = {IEEE Transactions on Neural Networks},
  volume = {20},
  number = {1},
  pages = {61--80},
  issn = {1941-0093},
  doi = {10.1109/TNN.2008.2005605},
  keywords = {Biological system modeling,Biology,Chemistry,Computer vision,Data engineering,Data mining,graph neural networks (GNNs),graph processing,Graphical domains,Neural networks,Parameter estimation,Pattern recognition,recursive neural networks,Supervised learning}
}

@article{zhou2020,
  title = {Graph Neural Networks: {{A}} Review of Methods and Applications},
  shorttitle = {Graph Neural Networks},
  author = {Zhou, Jie and Cui, Ganqu and Hu, Shengding and Zhang, Zhengyan and Yang, Cheng and Liu, Zhiyuan and Wang, Lifeng and Li, Changcheng and Sun, Maosong},
  year = {2020},
  month = jan,
  journal = {AI Open},
  volume = {1},
  pages = {57--81},
  issn = {2666-6510},
  doi = {10.1016/j.aiopen.2021.01.001},
  langid = {english},
  keywords = {Deep learning,Graph neural network}
}

@article{gilmer2017,
  title = {Neural {{Message Passing}} for {{Quantum Chemistry}}},
  author = {Gilmer, Justin and Schoenholz, Samuel S. and Riley, Patrick F. and Vinyals, Oriol and Dahl, George E.},
  year = {2017},
  month = jun,
  journal = {arXiv:1704.01212 [cs]},
  eprint = {1704.01212},
  eprinttype = {arxiv},
  primaryclass = {cs},
  archiveprefix = {arXiv},
  keywords = {Computer Science - Machine Learning,I.2.6}
}

@misc{zotero-328,
  title = {Computational Complexity of Machine Learning Algorithms},
  journal = {The Kernel Trip},
  howpublished = {https://www.thekerneltrip.com/machine/learning/computational-complexity-learning-algorithms/},
  langid = {english}
}

@article{cendagorta2020,
  title = {Comparison of the {{Performance}} of {{Machine Learning Models}} in {{Representing High-Dimensional Free Energy Surfaces}} and {{Generating Observables}}},
  author = {Cendagorta, Joseph R. and Tolpin, Jocelyn and Schneider, Elia and Topper, Robert Q. and Tuckerman, Mark E.},
  year = {2020},
  month = may,
  journal = {The Journal of Physical Chemistry B},
  volume = {124},
  number = {18},
  pages = {3647--3660},
  publisher = {{American Chemical Society}},
  issn = {1520-6106},
  doi = {10.1021/acs.jpcb.0c01218}
}

@article{kulichenko2021,
  title = {The {{Rise}} of {{Neural Networks}} for {{Materials}} and {{Chemical Dynamics}}},
  author = {Kulichenko, Maksim and Smith, Justin S. and Nebgen, Benjamin and Li, Ying Wai and Fedik, Nikita and Boldyrev, Alexander I. and Lubbers, Nicholas and Barros, Kipton and Tretiak, Sergei},
  year = {2021},
  month = jul,
  journal = {The Journal of Physical Chemistry Letters},
  volume = {12},
  number = {26},
  pages = {6227--6243},
  publisher = {{American Chemical Society}},
  doi = {10.1021/acs.jpclett.1c01357}
}

@article{scherer2020,
  title = {Kernel-{{Based Machine Learning}} for {{Efficient Simulations}} of {{Molecular Liquids}}},
  author = {Scherer, Christoph and Scheid, Ren{\'e} and Andrienko, Denis and Bereau, Tristan},
  year = {2020},
  month = may,
  journal = {Journal of Chemical Theory and Computation},
  volume = {16},
  number = {5},
  pages = {3194--3204},
  publisher = {{American Chemical Society}},
  issn = {1549-9618},
  doi = {10.1021/acs.jctc.9b01256}
}

@article{unke2019,
  title = {{{PhysNet}}: {{A Neural Network}} for {{Predicting Energies}}, {{Forces}}, {{Dipole Moments}}, and {{Partial Charges}}},
  shorttitle = {{{PhysNet}}},
  author = {Unke, Oliver T. and Meuwly, Markus},
  year = {2019},
  month = jun,
  journal = {Journal of Chemical Theory and Computation},
  volume = {15},
  number = {6},
  pages = {3678--3693},
  publisher = {{American Chemical Society}},
  issn = {1549-9618},
  doi = {10.1021/acs.jctc.9b00181}
}

@article{unke2021,
  title = {Machine {{Learning Force Fields}}},
  author = {Unke, Oliver T. and Chmiela, Stefan and Sauceda, Huziel E. and Gastegger, Michael and Poltavsky, Igor and Sch{\"u}tt, Kristof T. and Tkatchenko, Alexandre and M{\"u}ller, Klaus-Robert},
  year = {2021},
  month = aug,
  journal = {Chemical Reviews},
  volume = {121},
  number = {16},
  pages = {10142--10186},
  publisher = {{American Chemical Society}},
  issn = {0009-2665},
  doi = {10.1021/acs.chemrev.0c01111}
}

@article{stepisnik2021,
  title = {A Comprehensive Comparison of Molecular Feature Representations for Use in Predictive Modeling},
  author = {Stepi{\v s}nik, Toma{\v z} and {\v S}krlj, Bla{\v z} and Wicker, J{\"o}rg and Kocev, Dragi},
  year = {2021},
  month = mar,
  journal = {Computers in Biology and Medicine},
  volume = {130},
  pages = {104197},
  issn = {0010-4825},
  doi = {10.1016/j.compbiomed.2020.104197},
  langid = {english},
  keywords = {Cheminformatics,Molecular feature representation,Predictive modeling,Virtual screening}
}

@article{harris1985,
  title = {Simplified Method for Calculating the Energy of Weakly Interacting Fragments},
  author = {Harris, J.},
  year = {1985},
  month = feb,
  journal = {Physical Review B},
  volume = {31},
  number = {4},
  pages = {1770--1779},
  publisher = {{American Physical Society}},
  doi = {10.1103/PhysRevB.31.1770}
}

@article{wolfsberg1952,
  title = {The {{Spectra}} and {{Electronic Structure}} of the {{Tetrahedral Ions MnO4}}-, {{CrO4}}--, and {{ClO4}}-},
  author = {Wolfsberg, Max and Helmholz, Lindsay},
  year = {1952},
  month = may,
  journal = {The Journal of Chemical Physics},
  volume = {20},
  number = {5},
  pages = {837--843},
  publisher = {{American Institute of Physics}},
  issn = {0021-9606},
  doi = {10.1063/1.1700580}
}

@article{kwac2019,
  title = {Differential Evolution Algorithm Approach for Describing Vibrational Solvatochromism},
  author = {Kwac, Kijeong and Cho, Minhaeng},
  year = {2019},
  month = oct,
  journal = {The Journal of Chemical Physics},
  volume = {151},
  number = {13},
  pages = {134112},
  publisher = {{American Institute of Physics}},
  issn = {0021-9606},
  doi = {10.1063/1.5120777}
}

@article{himanen2020,
  title = {{{DScribe}}: {{Library}} of Descriptors for Machine Learning in Materials Science},
  shorttitle = {{{DScribe}}},
  author = {Himanen, Lauri and J{\"a}ger, Marc O. J. and Morooka, Eiaki V. and Federici Canova, Filippo and Ranawat, Yashasvi S. and Gao, David Z. and Rinke, Patrick and Foster, Adam S.},
  year = {2020},
  month = feb,
  journal = {Computer Physics Communications},
  volume = {247},
  pages = {106949},
  issn = {0010-4655},
  doi = {10.1016/j.cpc.2019.106949},
  langid = {english},
  keywords = {Descriptor,Machine learning,Materials science,Open source,Python}
}

@article{ramakrishnan2014,
  title = {Quantum Chemistry Structures and Properties of 134 Kilo Molecules},
  author = {Ramakrishnan, Raghunathan and Dral, Pavlo O. and Rupp, Matthias and {von Lilienfeld}, O. Anatole},
  year = {2014},
  month = aug,
  journal = {Scientific Data},
  volume = {1},
  number = {1},
  pages = {140022},
  publisher = {{Nature Publishing Group}},
  issn = {2052-4463},
  doi = {10.1038/sdata.2014.22},
  copyright = {2014 The Author(s)},
  langid = {english},
  keywords = {Computational chemistry,Density functional theory,Quantum chemistry}
}

@book{szabo1996,
  title = {Modern {{Quantum Chemistry}}: {{Introduction}} to {{Advanced Electronic Structure Theory}}},
  shorttitle = {Modern {{Quantum Chemistry}}},
  author = {Szabo, Attila and Ostlund, Neil S.},
  year = {1996},
  month = jul,
  edition = {Reprint Edition},
  publisher = {{Dover Publications}},
  address = {{Mineola, N.Y}},
  isbn = {978-0-486-69186-2},
  langid = {english}
}

@book{atkins2010,
  title = {Molecular {{Quantum Mechanics}}},
  author = {Atkins, Peter W. and Friedman, Ronald S.},
  year = {2010},
  month = dec,
  edition = {5th edition},
  publisher = {{Oxford University Press}},
  address = {{Oxford ; New York}},
  isbn = {978-0-19-954142-3},
  langid = {english}
}

@book{cramer2004,
  title = {Essentials of {{Computational Chemistry}}: {{Theories}} and {{Models}}},
  shorttitle = {Essentials of {{Computational Chemistry}}},
  author = {Cramer, Christopher J.},
  year = {2004},
  month = oct,
  edition = {2nd edition},
  publisher = {{Wiley}},
  address = {{Chichester, West Sussex, England ; Hoboken, NJ}},
  isbn = {978-0-470-09182-1},
  langid = {english}
}

@book{jensen2017,
  title = {Introduction to {{Computational Chemistry}}},
  author = {Jensen, Frank},
  year = {2017},
  month = feb,
  edition = {3rd edition},
  publisher = {{Wiley}},
  address = {{Chichester, UK ; Hoboken, NJ}},
  isbn = {978-1-118-82599-0},
  langid = {english}
}

@article{blum2009,
  title = {970 {{Million Druglike Small Molecules}} for {{Virtual Screening}} in the {{Chemical Universe Database GDB-13}}},
  author = {Blum, Lorenz C. and Reymond, Jean-Louis},
  year = {2009},
  month = jul,
  journal = {Journal of the American Chemical Society},
  volume = {131},
  number = {25},
  pages = {8732--8733},
  publisher = {{American Chemical Society}},
  issn = {0002-7863},
  doi = {10.1021/ja902302h}
}

@article{ramakrishnan2015,
  title = {Electronic Spectra from {{TDDFT}} and Machine Learning in Chemical Space},
  author = {Ramakrishnan, Raghunathan and Hartmann, Mia and Tapavicza, Enrico and {von Lilienfeld}, O. Anatole},
  year = {2015},
  month = aug,
  journal = {The Journal of Chemical Physics},
  volume = {143},
  number = {8},
  pages = {084111},
  publisher = {{American Institute of Physics}},
  issn = {0021-9606},
  doi = {10.1063/1.4928757}
}

@article{ruddigkeit2012,
  title = {Enumeration of 166 {{Billion Organic Small Molecules}} in the {{Chemical Universe Database GDB-17}}},
  author = {Ruddigkeit, Lars and {van Deursen}, Ruud and Blum, Lorenz C. and Reymond, Jean-Louis},
  year = {2012},
  month = nov,
  journal = {Journal of Chemical Information and Modeling},
  volume = {52},
  number = {11},
  pages = {2864--2875},
  publisher = {{American Chemical Society}},
  issn = {1549-9596},
  doi = {10.1021/ci300415d}
}

@article{rupp2012a,
  title = {Fast and {{Accurate Modeling}} of {{Molecular Atomization Energies}} with {{Machine Learning}}},
  author = {Rupp, Matthias and Tkatchenko, Alexandre and M{\"u}ller, Klaus-Robert and {von Lilienfeld}, O. Anatole},
  year = {2012},
  month = jan,
  journal = {Physical Review Letters},
  volume = {108},
  number = {5},
  pages = {058301},
  publisher = {{American Physical Society}},
  doi = {10.1103/PhysRevLett.108.058301}
}

@article{jensen2005,
  title = {Theory and Method for Calculating Resonance {{Raman}} Scattering from Resonance Polarizability Derivatives},
  author = {Jensen, L. and Zhao, L. L. and Autschbach, J. and Schatz, G. C.},
  year = {2005},
  month = nov,
  journal = {The Journal of Chemical Physics},
  volume = {123},
  number = {17},
  pages = {174110},
  publisher = {{American Institute of Physics}},
  issn = {0021-9606},
  doi = {10.1063/1.2046670}
}

@article{mattiat2021,
  title = {Time {{Domain Simulation}} of ({{Resonance}}) {{Raman Spectra}} of {{Liquids}} in the {{Short Time Approximation}}},
  author = {Mattiat, Johann and Luber, Sandra},
  year = {2021},
  month = jan,
  journal = {Journal of Chemical Theory and Computation},
  volume = {17},
  number = {1},
  pages = {344--356},
  publisher = {{American Chemical Society}},
  issn = {1549-9618},
  doi = {10.1021/acs.jctc.0c00755}
}

@article{thomas2013,
  title = {Computing Vibrational Spectra from Ab Initio Molecular Dynamics},
  author = {Thomas, Martin and Brehm, Martin and Fligg, Reinhold and V{\"o}hringer, Peter and Kirchner, Barbara},
  year = {2013},
  month = apr,
  journal = {Physical Chemistry Chemical Physics},
  volume = {15},
  number = {18},
  pages = {6608--6622},
  publisher = {{The Royal Society of Chemistry}},
  issn = {1463-9084},
  doi = {10.1039/C3CP44302G},
  langid = {english}
}

@article{macqueen1967,
  title = {Some Methods for Classification and Analysis of Multivariate Observations},
  author = {MacQueen, J.},
  year = {1967},
  month = jan,
  journal = {Proceedings of the Fifth Berkeley Symposium on Mathematical Statistics and Probability, Volume 1: Statistics},
  volume = {5.1},
  pages = {281--298},
  publisher = {{University of California Press}}
}

@article{collins2018,
  title = {Constant Size Descriptors for Accurate Machine Learning Models of Molecular Properties},
  author = {Collins, Christopher R. and Gordon, Geoffrey J. and {von Lilienfeld}, O. Anatole and Yaron, David J.},
  year = {2018},
  month = jun,
  journal = {The Journal of Chemical Physics},
  volume = {148},
  number = {24},
  pages = {241718},
  publisher = {{American Institute of Physics}},
  issn = {0021-9606},
  doi = {10.1063/1.5020441}
}

@article{chmiela2017,
  title = {Machine Learning of Accurate Energy-Conserving Molecular Force Fields},
  author = {Chmiela, Stefan and Tkatchenko, Alexandre and Sauceda, Huziel E. and Poltavsky, Igor and Sch{\"u}tt, Kristof T. and M{\"u}ller, Klaus-Robert},
  year = {2017},
  month = may,
  journal = {Science Advances},
  volume = {3},
  number = {5},
  pages = {e1603015},
  publisher = {{American Association for the Advancement of Science}},
  doi = {10.1126/sciadv.1603015}
}

@article{chmiela2018,
  title = {Towards Exact Molecular Dynamics Simulations with Machine-Learned Force Fields},
  author = {Chmiela, Stefan and Sauceda, Huziel E. and M{\"u}ller, Klaus-Robert and Tkatchenko, Alexandre},
  year = {2018},
  month = sep,
  journal = {Nature Communications},
  volume = {9},
  number = {1},
  pages = {3887},
  publisher = {{Nature Publishing Group}},
  issn = {2041-1723},
  doi = {10.1038/s41467-018-06169-2},
  copyright = {2018 The Author(s)},
  langid = {english},
  keywords = {Atomic and molecular physics,Chemical physics,Theoretical chemistry}
}

@article{sauceda2020,
  title = {Molecular Force Fields with Gradient-Domain Machine Learning ({{GDML}}): {{Comparison}} and Synergies with Classical Force Fields},
  shorttitle = {Molecular Force Fields with Gradient-Domain Machine Learning ({{GDML}})},
  author = {Sauceda, Huziel E. and Gastegger, Michael and Chmiela, Stefan and M{\"u}ller, Klaus-Robert and Tkatchenko, Alexandre},
  year = {2020},
  month = sep,
  journal = {The Journal of Chemical Physics},
  volume = {153},
  number = {12},
  pages = {124109},
  publisher = {{American Institute of Physics}},
  issn = {0021-9606},
  doi = {10.1063/5.0023005}
}

@inproceedings{schutt2017,
  title = {{{SchNet}}: {{A}} Continuous-Filter Convolutional Neural Network for Modeling Quantum Interactions},
  shorttitle = {{{SchNet}}},
  booktitle = {Advances in {{Neural Information Processing Systems}}},
  author = {Sch{\"u}tt, Kristof and Kindermans, Pieter-Jan and Sauceda Felix, Huziel Enoc and Chmiela, Stefan and Tkatchenko, Alexandre and M{\"u}ller, Klaus-Robert},
  year = {2017},
  volume = {30},
  publisher = {{Curran Associates, Inc.}}
}

@article{schutt2018,
  title = {{{SchNet}} \textendash{} {{A}} Deep Learning Architecture for Molecules and Materials},
  author = {Sch{\"u}tt, K. T. and Sauceda, H. E. and Kindermans, P.-J. and Tkatchenko, A. and M{\"u}ller, K.-R.},
  year = {2018},
  month = jun,
  journal = {The Journal of Chemical Physics},
  volume = {148},
  number = {24},
  pages = {241722},
  publisher = {{American Institute of Physics}},
  issn = {0021-9606},
  doi = {10.1063/1.5019779}
}

@article{schutt2019a,
  title = {Unifying Machine Learning and Quantum Chemistry with a Deep Neural Network for Molecular Wavefunctions},
  author = {Sch{\"u}tt, K. T. and Gastegger, M. and Tkatchenko, A. and M{\"u}ller, K.-R. and Maurer, R. J.},
  year = {2019},
  month = nov,
  journal = {Nature Communications},
  volume = {10},
  number = {1},
  pages = {5024},
  publisher = {{Nature Publishing Group}},
  issn = {2041-1723},
  doi = {10.1038/s41467-019-12875-2},
  copyright = {2019 The Author(s)},
  langid = {english},
  keywords = {Computational chemistry,Density functional theory,Method development}
}

@article{balabin2009,
  title = {Neural Network Approach to Quantum-Chemistry Data: {{Accurate}} Prediction of Density Functional Theory Energies},
  shorttitle = {Neural Network Approach to Quantum-Chemistry Data},
  author = {Balabin, Roman M. and Lomakina, Ekaterina I.},
  year = {2009},
  month = aug,
  journal = {The Journal of Chemical Physics},
  volume = {131},
  number = {7},
  pages = {074104},
  publisher = {{American Institute of Physics}},
  issn = {0021-9606},
  doi = {10.1063/1.3206326}
}

@article{hu2003,
  title = {Combined First-Principles Calculation and Neural-Network Correction Approach for Heat of Formation},
  author = {Hu, LiHong and Wang, XiuJun and Wong, LaiHo and Chen, GuanHua},
  year = {2003},
  month = dec,
  journal = {The Journal of Chemical Physics},
  volume = {119},
  number = {22},
  pages = {11501--11507},
  publisher = {{American Institute of Physics}},
  issn = {0021-9606},
  doi = {10.1063/1.1630951}
}

@article{ramakrishnan2015a,
  title = {Big {{Data Meets Quantum Chemistry Approximations}}: {{The $\Delta$-Machine Learning Approach}}},
  shorttitle = {Big {{Data Meets Quantum Chemistry Approximations}}},
  author = {Ramakrishnan, Raghunathan and Dral, Pavlo O. and Rupp, Matthias and {von Lilienfeld}, O. Anatole},
  year = {2015},
  month = may,
  journal = {Journal of Chemical Theory and Computation},
  volume = {11},
  number = {5},
  pages = {2087--2096},
  publisher = {{American Chemical Society}},
  issn = {1549-9618},
  doi = {10.1021/acs.jctc.5b00099}
}

@article{wu2007,
  title = {The {{X1}} Method for Accurate and Efficient Prediction of Heats of Formation},
  author = {Wu, Jianming and Xu, Xin},
  year = {2007},
  month = dec,
  journal = {The Journal of Chemical Physics},
  volume = {127},
  number = {21},
  pages = {214105},
  publisher = {{American Institute of Physics}},
  issn = {0021-9606},
  doi = {10.1063/1.2800018}
}

@article{smith2017a,
  title = {{{ANI-1}}: An Extensible Neural Network Potential with {{DFT}} Accuracy at Force Field Computational Cost},
  shorttitle = {{{ANI-1}}},
  author = {Smith, J. S. and Isayev, O. and Roitberg, A. E.},
  year = {2017},
  month = mar,
  journal = {Chemical Science},
  volume = {8},
  number = {4},
  pages = {3192--3203},
  publisher = {{The Royal Society of Chemistry}},
  issn = {2041-6539},
  doi = {10.1039/C6SC05720A},
  langid = {english}
}

@article{beckmann2022,
  title = {Infrared {{Spectra}} at {{Coupled Cluster Accuracy}} from {{Neural Network Representations}}},
  author = {Beckmann, Richard and Brieuc, Fabien and Schran, Christoph and Marx, Dominik},
  year = {2022},
  month = aug,
  journal = {Journal of Chemical Theory and Computation},
  publisher = {{American Chemical Society}},
  doi = {10.1021/acs.jctc.2c00511},
  copyright = {\textcopyright{} 2022 American Chemical Society},
  langid = {english}
}

@article{gastegger2017,
  title = {Machine Learning Molecular Dynamics for the Simulation of Infrared Spectra},
  author = {Gastegger, Michael and Behler, J{\"o}rg and Marquetand, Philipp},
  year = {2017},
  journal = {Chemical Science},
  volume = {8},
  number = {10},
  pages = {6924--6935},
  publisher = {{Royal Society of Chemistry}},
  doi = {10.1039/C7SC02267K},
  langid = {english}
}

@article{behler2016,
  title = {Perspective: {{Machine}} Learning Potentials for Atomistic Simulations},
  shorttitle = {Perspective},
  author = {Behler, J{\"o}rg},
  year = {2016},
  month = nov,
  journal = {The Journal of Chemical Physics},
  volume = {145},
  number = {17},
  pages = {170901},
  publisher = {{American Institute of Physics}},
  issn = {0021-9606},
  doi = {10.1063/1.4966192}
}

@article{botu2017,
  title = {Machine {{Learning Force Fields}}: {{Construction}}, {{Validation}}, and {{Outlook}}},
  shorttitle = {Machine {{Learning Force Fields}}},
  author = {Botu, V. and Batra, R. and Chapman, J. and Ramprasad, R.},
  year = {2017},
  month = jan,
  journal = {The Journal of Physical Chemistry C},
  volume = {121},
  number = {1},
  pages = {511--522},
  publisher = {{American Chemical Society}},
  issn = {1932-7447},
  doi = {10.1021/acs.jpcc.6b10908}
}

@article{brockherde2017,
  title = {Bypassing the {{Kohn-Sham}} Equations with Machine Learning},
  author = {Brockherde, Felix and Vogt, Leslie and Li, Li and Tuckerman, Mark E. and Burke, Kieron and M{\"u}ller, Klaus-Robert},
  year = {2017},
  month = oct,
  journal = {Nature Communications},
  volume = {8},
  number = {1},
  pages = {872},
  publisher = {{Nature Publishing Group}},
  issn = {2041-1723},
  doi = {10.1038/s41467-017-00839-3},
  copyright = {2017 The Author(s)},
  langid = {english},
  keywords = {Computational chemistry,Computational methods,Density functional theory,Electronic structure}
}

@article{deringer2019,
  title = {Machine {{Learning Interatomic Potentials}} as {{Emerging Tools}} for {{Materials Science}}},
  author = {Deringer, Volker L. and Caro, Miguel A. and Cs{\'a}nyi, G{\'a}bor},
  year = {2019},
  journal = {Advanced Materials},
  volume = {31},
  number = {46},
  pages = {1902765},
  issn = {1521-4095},
  doi = {10.1002/adma.201902765},
  langid = {english},
  keywords = {amorphous solids,atomistic modeling,big data,force fields,molecular dynamics},
  annotation = {\_eprint: https://onlinelibrary.wiley.com/doi/pdf/10.1002/adma.201902765}
}

@article{noe2020,
  title = {Machine {{Learning}} for {{Molecular Simulation}}},
  author = {No{\'e}, Frank and Tkatchenko, Alexandre and M{\"u}ller, Klaus-Robert and Clementi, Cecilia},
  year = {2020},
  journal = {Annual Review of Physical Chemistry},
  volume = {71},
  number = {1},
  pages = {361--390},
  doi = {10.1146/annurev-physchem-042018-052331},
  pmid = {32092281},
  keywords = {coarse graining,kinetics,machine learning,molecular simulation,neural networks,quantum mechanics},
  annotation = {\_eprint: https://doi.org/10.1146/annurev-physchem-042018-052331}
}

@article{ruth2022,
  title = {Machine {{Learning}} of {{Coupled Cluster}} ({{T}})-{{Energy Corrections}} via {{Delta}} ({{$\Delta$}})-{{Learning}}},
  author = {Ruth, Marcel and Gerbig, Dennis and Schreiner, Peter R.},
  year = {2022},
  month = aug,
  journal = {Journal of Chemical Theory and Computation},
  volume = {18},
  number = {8},
  pages = {4846--4855},
  publisher = {{American Chemical Society}},
  issn = {1549-9618},
  doi = {10.1021/acs.jctc.2c00501}
}

@article{bleiziffer2018,
  title = {Machine {{Learning}} of {{Partial Charges Derived}} from {{High-Quality Quantum-Mechanical Calculations}}},
  author = {Bleiziffer, Patrick and Schaller, Kay and Riniker, Sereina},
  year = {2018},
  month = mar,
  journal = {Journal of Chemical Information and Modeling},
  volume = {58},
  number = {3},
  pages = {579--590},
  publisher = {{American Chemical Society}},
  issn = {1549-9596},
  doi = {10.1021/acs.jcim.7b00663}
}

@article{kancharlapalli2021,
  title = {Fast and {{Accurate Machine Learning Strategy}} for {{Calculating Partial Atomic Charges}} in {{Metal}}\textendash{{Organic Frameworks}}},
  author = {Kancharlapalli, Srinivasu and Gopalan, Arun and Haranczyk, Maciej and Snurr, Randall Q.},
  year = {2021},
  month = may,
  journal = {Journal of Chemical Theory and Computation},
  volume = {17},
  number = {5},
  pages = {3052--3064},
  publisher = {{American Chemical Society}},
  issn = {1549-9618},
  doi = {10.1021/acs.jctc.0c01229}
}

@article{kato2020,
  title = {High-{{Precision Atomic Charge Prediction}} for {{Protein Systems Using Fragment Molecular Orbital Calculation}} and {{Machine Learning}}},
  author = {Kato, Koichiro and Masuda, Tomohide and Watanabe, Chiduru and Miyagawa, Naoki and Mizouchi, Hideo and Nagase, Shumpei and Kamisaka, Kikuko and Oshima, Kanji and Ono, Satoshi and Ueda, Hiroshi and Tokuhisa, Atsushi and Kanada, Ryo and Ohta, Masateru and Ikeguchi, Mitsunori and Okuno, Yasushi and Fukuzawa, Kaori and Honma, Teruki},
  year = {2020},
  month = jul,
  journal = {Journal of Chemical Information and Modeling},
  volume = {60},
  number = {7},
  pages = {3361--3368},
  publisher = {{American Chemical Society}},
  issn = {1549-9596},
  doi = {10.1021/acs.jcim.0c00273}
}

@article{nebgen2018,
  title = {Transferable {{Dynamic Molecular Charge Assignment Using Deep Neural Networks}}},
  author = {Nebgen, Benjamin and Lubbers, Nicholas and Smith, Justin S. and Sifain, Andrew E. and Lokhov, Andrey and Isayev, Olexandr and Roitberg, Adrian E. and Barros, Kipton and Tretiak, Sergei},
  year = {2018},
  month = sep,
  journal = {Journal of Chemical Theory and Computation},
  volume = {14},
  number = {9},
  pages = {4687--4698},
  publisher = {{American Chemical Society}},
  issn = {1549-9618},
  doi = {10.1021/acs.jctc.8b00524}
}

@article{rai2013,
  title = {Fast and Accurate Generation of Ab Initio Quality Atomic Charges Using Nonparametric Statistical Regression},
  author = {Rai, Brajesh K. and Bakken, Gregory A.},
  year = {2013},
  journal = {Journal of Computational Chemistry},
  volume = {34},
  number = {19},
  pages = {1661--1671},
  issn = {1096-987X},
  doi = {10.1002/jcc.23308},
  langid = {english},
  keywords = {dipole moment,electrostatic potential,hydration energy,machine learning,partial charges,random forest},
  annotation = {\_eprint: https://onlinelibrary.wiley.com/doi/pdf/10.1002/jcc.23308}
}

@article{wang2021,
  title = {{{DeepChargePredictor}}: A Web Server for Predicting {{QM-based}} Atomic Charges via State-of-the-Art Machine-Learning Algorithms},
  shorttitle = {{{DeepChargePredictor}}},
  author = {Wang, Jike and Sun, Huiyong and Chen, Jiawen and Jiang, Dejun and Wang, Zhe and Wu, Zhenxing and Chen, Xi and Cao, Dongsheng and Hou, Tingjun},
  year = {2021},
  month = nov,
  journal = {Bioinformatics},
  volume = {37},
  number = {22},
  pages = {4255--4257},
  issn = {1367-4803},
  doi = {10.1093/bioinformatics/btab389}
}

@article{carhart1985,
  title = {Atom Pairs as Molecular Features in Structure-Activity Studies: Definition and Applications},
  shorttitle = {Atom Pairs as Molecular Features in Structure-Activity Studies},
  author = {Carhart, Raymond E. and Smith, Dennis H. and Venkataraghavan, R.},
  year = {1985},
  month = may,
  journal = {Journal of Chemical Information and Computer Sciences},
  volume = {25},
  number = {2},
  pages = {64--73},
  publisher = {{American Chemical Society}},
  issn = {0095-2338},
  doi = {10.1021/ci00046a002}
}

@misc{schutt2021,
  title = {Equivariant Message Passing for the Prediction of Tensorial Properties and Molecular Spectra},
  author = {Sch{\"u}tt, Kristof T. and Unke, Oliver T. and Gastegger, Michael},
  year = {2021},
  month = jun,
  number = {arXiv:2102.03150},
  eprint = {2102.03150},
  eprinttype = {arxiv},
  primaryclass = {physics},
  publisher = {{arXiv}},
  archiveprefix = {arXiv},
  keywords = {Computer Science - Machine Learning,Physics - Chemical Physics}
}

@article{axelrod2022,
  title = {Excited State Non-Adiabatic Dynamics of Large Photoswitchable Molecules Using a Chemically Transferable Machine Learning Potential},
  author = {Axelrod, Simon and Shakhnovich, Eugene and {G{\'o}mez-Bombarelli}, Rafael},
  year = {2022},
  month = jun,
  journal = {Nature Communications},
  volume = {13},
  number = {1},
  pages = {3440},
  publisher = {{Nature Publishing Group}},
  issn = {2041-1723},
  doi = {10.1038/s41467-022-30999-w},
  copyright = {2022 The Author(s)},
  langid = {english},
  keywords = {Chemical physics,Computational chemistry,Excited states,Molecular dynamics}
}

@article{jumper2021,
  title = {Highly Accurate Protein Structure Prediction with {{AlphaFold}}},
  author = {Jumper, John and Evans, Richard and Pritzel, Alexander and Green, Tim and Figurnov, Michael and Ronneberger, Olaf and Tunyasuvunakool, Kathryn and Bates, Russ and {\v Z}{\'i}dek, Augustin and Potapenko, Anna and Bridgland, Alex and Meyer, Clemens and Kohl, Simon A. A. and Ballard, Andrew J. and Cowie, Andrew and {Romera-Paredes}, Bernardino and Nikolov, Stanislav and Jain, Rishub and Adler, Jonas and Back, Trevor and Petersen, Stig and Reiman, David and Clancy, Ellen and Zielinski, Michal and Steinegger, Martin and Pacholska, Michalina and Berghammer, Tamas and Bodenstein, Sebastian and Silver, David and Vinyals, Oriol and Senior, Andrew W. and Kavukcuoglu, Koray and Kohli, Pushmeet and Hassabis, Demis},
  year = {2021},
  month = aug,
  journal = {Nature},
  volume = {596},
  number = {7873},
  pages = {583--589},
  publisher = {{Nature Publishing Group}},
  issn = {1476-4687},
  doi = {10.1038/s41586-021-03819-2},
  copyright = {2021 The Author(s)},
  langid = {english},
  keywords = {Computational biophysics,Machine learning,Protein structure predictions,Structural biology}
}

@book{cartwright2020,
  title = {Machine {{Learning}} in {{Chemistry}}: {{The Impact}} of {{Artificial Intelligence}}},
  shorttitle = {Machine {{Learning}} in {{Chemistry}}},
  editor = {Cartwright, Hugh M.},
  year = {2020},
  month = jul,
  edition = {1st edition},
  publisher = {{Royal Society of Chemistry}},
  address = {{Croydon, UK}},
  isbn = {978-1-78801-789-3},
  langid = {english}
}

@misc{zotero-817,
  title = {Machine {{Learning}} in {{Chemistry}}},
  journal = {ACS Publications},
  doi = {10.1021/acs.infocus.7e4001},
  howpublished = {https://pubs.acs.org/doi/book/10.1021/acs.infocus.7e4001},
  langid = {english}
}

@article{aldeghi2022,
  title = {A Graph Representation of Molecular Ensembles for Polymer Property Prediction},
  author = {Aldeghi, Matteo and W.~Coley, Connor},
  year = {2022},
  journal = {Chemical Science},
  volume = {13},
  number = {35},
  pages = {10486--10498},
  publisher = {{Royal Society of Chemistry}},
  doi = {10.1039/D2SC02839E},
  langid = {english}
}

@article{kohn1996,
  title = {Density {{Functional Theory}} of {{Electronic Structure}}},
  author = {Kohn, W. and Becke, A. D. and Parr, R. G.},
  year = {1996},
  month = jan,
  journal = {The Journal of Physical Chemistry},
  volume = {100},
  number = {31},
  pages = {12974--12980},
  publisher = {{American Chemical Society}},
  issn = {0022-3654},
  doi = {10.1021/jp960669l}
}

@article{apra2020,
  title = {{{NWChem}}: {{Past}}, Present, and Future},
  shorttitle = {{{NWChem}}},
  author = {Apr{\`a}, E. and Bylaska, E. J. and {de Jong}, W. A. and Govind, N. and Kowalski, K. and Straatsma, T. P. and Valiev, M. and {van Dam}, H. J. J. and Alexeev, Y. and Anchell, J. and Anisimov, V. and Aquino, F. W. and {Atta-Fynn}, R. and Autschbach, J. and Bauman, N. P. and Becca, J. C. and Bernholdt, D. E. and {Bhaskaran-Nair}, K. and Bogatko, S. and Borowski, P. and Boschen, J. and Brabec, J. and Bruner, A. and Cau{\"e}t, E. and Chen, Y. and Chuev, G. N. and Cramer, C. J. and Daily, J. and Deegan, M. J. O. and Dunning, T. H. and Dupuis, M. and Dyall, K. G. and Fann, G. I. and Fischer, S. A. and Fonari, A. and Fr{\"u}chtl, H. and Gagliardi, L. and Garza, J. and Gawande, N. and Ghosh, S. and Glaesemann, K. and G{\"o}tz, A. W. and Hammond, J. and Helms, V. and Hermes, E. D. and Hirao, K. and Hirata, S. and Jacquelin, M. and Jensen, L. and Johnson, B. G. and J{\'o}nsson, H. and Kendall, R. A. and Klemm, M. and Kobayashi, R. and Konkov, V. and Krishnamoorthy, S. and Krishnan, M. and Lin, Z. and Lins, R. D. and Littlefield, R. J. and Logsdail, A. J. and Lopata, K. and Ma, W. and Marenich, A. V. and {Martin del Campo}, J. and {Mejia-Rodriguez}, D. and Moore, J. E. and Mullin, J. M. and Nakajima, T. and Nascimento, D. R. and Nichols, J. A. and Nichols, P. J. and Nieplocha, J. and {Otero-de-la-Roza}, A. and Palmer, B. and Panyala, A. and Pirojsirikul, T. and Peng, B. and Peverati, R. and Pittner, J. and Pollack, L. and Richard, R. M. and Sadayappan, P. and Schatz, G. C. and Shelton, W. A. and Silverstein, D. W. and Smith, D. M. A. and Soares, T. A. and Song, D. and Swart, M. and Taylor, H. L. and Thomas, G. S. and Tipparaju, V. and Truhlar, D. G. and Tsemekhman, K. and Van Voorhis, T. and {V{\'a}zquez-Mayagoitia}, {\'A}. and Verma, P. and Villa, O. and Vishnu, A. and Vogiatzis, K. D. and Wang, D. and Weare, J. H. and Williamson, M. J. and Windus, T. L. and Woli{\'n}ski, K. and Wong, A. T. and Wu, Q. and Yang, C. and Yu, Q. and Zacharias, M. and Zhang, Z. and Zhao, Y. and Harrison, R. J.},
  year = {2020},
  month = may,
  journal = {The Journal of Chemical Physics},
  volume = {152},
  number = {18},
  pages = {184102},
  publisher = {{American Institute of Physics}},
  issn = {0021-9606},
  doi = {10.1063/5.0004997}
}

@misc{g16,
  title = {{{Gaussian}}\texttildelow 16 {{Revision C}}.01},
  author = {Frisch, M. J. and Trucks, G. W. and Schlegel, H. B. and Scuseria, G. E. and Robb, M. A. and Cheeseman, J. R. and Scalmani, G. and Barone, V. and Petersson, G. A. and Nakatsuji, H. and Li, X. and Caricato, M. and Marenich, A. V. and Bloino, J. and Janesko, B. G. and Gomperts, R. and Mennucci, B. and Hratchian, H. P. and Ortiz, J. V. and Izmaylov, A. F. and Sonnenberg, J. L. and {Williams-Young}, D. and Ding, F. and Lipparini, F. and Egidi, F. and Goings, J. and Peng, B. and Petrone, A. and Henderson, T. and Ranasinghe, D. and Zakrzewski, V. G. and Gao, J. and Rega, N. and Zheng, G. and Liang, W. and Hada, M. and Ehara, M. and Toyota, K. and Fukuda, R. and Hasegawa, J. and Ishida, M. and Nakajima, T. and Honda, Y. and Kitao, O. and Nakai, H. and Vreven, T. and Throssell, K. and Montgomery, Jr., J. A. and Peralta, J. E. and Ogliaro, F. and Bearpark, M. J. and Heyd, J. J. and Brothers, E. N. and Kudin, K. N. and Staroverov, V. N. and Keith, T. A. and Kobayashi, R. and Normand, J. and Raghavachari, K. and Rendell, A. P. and Burant, J. C. and Iyengar, S. S. and Tomasi, J. and Cossi, M. and Millam, J. M. and Klene, M. and Adamo, C. and Cammi, R. and Ochterski, J. W. and Martin, R. L. and Morokuma, K. and Farkas, O. and Foresman, J. B. and Fox, D. J.},
  year = {2016}
}

@article{schutt2017a,
  title = {Quantum-Chemical Insights from Deep Tensor Neural Networks},
  author = {Sch{\"u}tt, Kristof T. and Arbabzadah, Farhad and Chmiela, Stefan and M{\"u}ller, Klaus R. and Tkatchenko, Alexandre},
  year = {2017},
  month = jan,
  journal = {Nature Communications},
  volume = {8},
  number = {1},
  pages = {13890},
  publisher = {{Nature Publishing Group}},
  issn = {2041-1723},
  doi = {10.1038/ncomms13890},
  copyright = {2017 The Author(s)},
  langid = {english},
  keywords = {Applied mathematics,Computational chemistry,Physical chemistry,Scientific data}
}

@misc{rdkit,
  title = {{{RDKit}}},
  howpublished = {https://www.rdkit.org/}
}

@article{mai2018,
  title = {Nonadiabatic Dynamics: {{The SHARC}} Approach},
  shorttitle = {Nonadiabatic Dynamics},
  author = {Mai, Sebastian and Marquetand, Philipp and Gonz{\'a}lez, Leticia},
  year = {2018},
  journal = {WIREs Computational Molecular Science},
  volume = {8},
  number = {6},
  pages = {e1370},
  issn = {1759-0884},
  doi = {10.1002/wcms.1370},
  langid = {english},
  keywords = {Ab initio molecular dynamics,excited states,nonadiabatic dynamics,SHARC,surface hopping},
  annotation = {\_eprint: https://onlinelibrary.wiley.com/doi/pdf/10.1002/wcms.1370}
}

@article{richter2011,
  title = {{{SHARC}}: Ab {{Initio Molecular Dynamics}} with {{Surface Hopping}} in the {{Adiabatic Representation Including Arbitrary Couplings}}},
  shorttitle = {{{SHARC}}},
  author = {Richter, Martin and Marquetand, Philipp and {Gonz{\'a}lez-V{\'a}zquez}, Jes{\'u}s and Sola, Ignacio and Gonz{\'a}lez, Leticia},
  year = {2011},
  month = may,
  journal = {Journal of Chemical Theory and Computation},
  volume = {7},
  number = {5},
  pages = {1253--1258},
  publisher = {{American Chemical Society}},
  issn = {1549-9618},
  doi = {10.1021/ct1007394}
}

@article{westermayr2020,
  title = {Combining {{SchNet}} and {{SHARC}}: {{The SchNarc Machine Learning Approach}} for {{Excited-State Dynamics}}},
  shorttitle = {Combining {{SchNet}} and {{SHARC}}},
  author = {Westermayr, Julia and Gastegger, Michael and Marquetand, Philipp},
  year = {2020},
  month = may,
  journal = {The Journal of Physical Chemistry Letters},
  volume = {11},
  number = {10},
  pages = {3828--3834},
  publisher = {{American Chemical Society}},
  doi = {10.1021/acs.jpclett.0c00527}
}
